@Unpublished{EntityRelationExtraction,
author = {"Nguyen Bach", "Sameer Badaskar"},
title = {A Review of Relation Extraction},
note = {•},
OPTkey = {•},
OPTmonth = {•},
OPTyear = {•},
OPTannote = {•}
}